@FOOTNOTE{Note1,key="Note1",note="http://ccpforge.cse.rl.ac.uk/gf/project/multinest/"}
@FOOTNOTE{Note2,key="Note2",note="http://sourceforge.net/projects/tempo2/"}
@FOOTNOTE{Note3,key="Note3",note="http://www.netlib.org/lapack/"}
@CONTROL{REVTEX41Control}
@CONTROL{apsrev41Control,author="08",editor="1",pages="0",title="",year="1"}
